@misc{Franks2018,
  author = {Curtis Franks},
  date = {2018-01-24},
  langid = {english},
  language = {english},
  title = {Glivenko's theorem},
  url = {https://www3.nd.edu/~cfranks/Glivenko.pdf},
  urldate = {2021-04-25}
}

@online{StanfordPlato:category_theory,
  author = {Marquis, Jean-Pierre},
  date = {2019-08-29},
  langid = {english},
  language = {english},
  title = {Category Theory},
  url = {https://plato.stanford.edu/archives/fall2019/entries/category-theory/},
  urldate = {2021-03-28}
}

@online{Tao:nullstellensatz,
  author = {Terrence Tao},
  date = {2007-11-26},
  langid = {english},
  language = {english},
  title = {Hilbert's nullstellensatz},
  url = {https://terrytao.wordpress.com/2007/11/26/hilberts-nullstellensatz/},
  urldate = {2021-03-28}
}

@online{Tilly2010,
  author = {Ben Tilly},
  date = {2010-08-19},
  langid = {english},
  language = {english},
  title = {Analysis vs Algebra predicts eating corn?},
  url = {https://web.archive.org/web/20201112030957/http://bentilly.blogspot.com/2010/08/analysis-vs-algebra-predicts-eating.html},
  urldate = {2020-12-14}
}

@misc{Wasilewska2010,
  author = {Anita Wasilewska},
  date = {2010-03-04},
  langid = {english},
  language = {english},
  title = {Hilbert Proof Systems, Formal Proofs, Deduction Theorem},
  url = {https://www3.cs.stonybrook.edu/~cse541/chapter8.pdf},
  urldate = {2021-04-12}
}
