@book{Clarke2013,
  doi = {10.1007/978-1-4471-4820-3},
  url = {https://doi.org/10.1007/978-1-4471-4820-3},
  year = {2013},
  publisher = {Springer London},
  author = {Francis Clarke},
  title = {Functional Analysis, Calculus of Variations and Optimal Control}
}

@book{Phelps1993,
  author = {Robert Phelps},
  title = {Convex functions, monotone operators, and differentiability},
  publisher = {Springer-Verlag},
  year = {1993},
  isbn = {0387567151}
}

@book{Йоффе1974,
  title={Теория экстремальных задач},
  author={Александр Давидович Йоффе and Владимир Михайлович Тихомиров},
  series={Нелинейный анализ и его приложения},
  year={1974},
  publisher={Наука},
  langid={russian}
}

@book{Deimling1985,
  author = {Klaus Deimling},
  title = {Nonlinear functional analysis},
  publisher = {Springer-Verlag},
  year = {1985},
  isbn = {0387139281}
}

@book{Dontchev2014,
  doi = {10.1007/978-1-4939-1037-3},
  url = {https://doi.org/10.1007%2F978-1-4939-1037-3},
  year = 2014,
  publisher = {Springer New York},
  author = {Asen L. Dontchev and R. Tyrrell Rockafellar},
  title = {Implicit Functions and Solution Mappings}
}

@book{Leinster2014,
  title = {Basic Category Theory},
  author = {Tom Leinster},
  year = {2014},
  url = {https://arxiv.org/abs/1612.09375}
}

@book{MacLane1994,
  title = {S. Mac Lane - Categories for the Working Mathematician},
  edition = {6},
  author = {Saunders Mac Lane},
  isbn = {9780387900353},
  year = {1994},
  publisher = {Springer-Verlag}
}

@book{Kelley1955,
  title = {General Topology},
  author = {John L. Kelley},
  year = {1955}
}

@book{Knapp2016BAlg,
  title = {Basic Algebra},
  edition = {Digital Second Edition},
  author = {Anthony Knapp},
  year = {2016},
  url = {http://www.math.stonybrook.edu/~aknapp/}
}

@book{Коцев2016,
  title = {Комутативна алгебра},
  edition = {2},
  author = {Борис Коцев and Пламен Сидеров},
  year = {2016},
  isbn = {9789548857383},
  langid = {bulgarian}
}

@book{Engelking1989,
  title = {General topology},
  author = {Ryszard Engelking},
  isbn = {9783885380061},
  year = {1989},
  publisher = {Heldermann}
}

@book{Enderton1977,
  title = {Elements of Set Theory},
  author = {Herbert B. Enderton},
  isbn = {9780122384400},
  year = {1977},
  publisher = {Academic Press}
}

@book{Sipser2013,
  title = {Introduction to the Theory of Computation},
  author = {Michael Sipser},
  isbn = {9781133187790},
  year = {2013},
  publisher = {Cengage Learning}
}

@book{Gondran1984,
  title = {Graphs and Algorithms},
  author = {Michel Gondran, Michel Minoux},
  isbn = {9780471103745},
  year = {1984},
  publisher = {Wiley}
}

@book{Erickson2019,
  title = {Algorithms},
  author = {Jeff Erickson},
  year = {2019},
  url = {http://jeffe.cs.illinois.edu/teaching/algorithms/book/Algorithms-JeffE.pdf}
}

@book{Aluffi2009,
  title = {Algebra: Chapter 0},
  author = {Paolo Aluffi},
  isbn = {9780821847817},
  year = {2009},
  publisher = {American Mathematical Society}
}

@book{Rudin1976,
  title = {Principles of mathematical analysis},
  author = {Walter Rudin},
  isbn = {9780070542358},
  year = {1976},
  publisher = {McGraw-Hill}
}

@book{Rudin1987,
  title = {Real and Complex Analysis},
  author = {Walter Rudin},
  isbn = {9780071002769},
  year = {1987},
  publisher = {McGraw-Hill}
}

@book{Rudin1991,
  title = {Functional Analysis},
  author = {Walter Rudin},
  isbn = {9780071009447},
  year = {1991},
  publisher = {McGraw-Hill}
}

@book{OpenLogic20201202,
  title = {The Open Logic Text},
  author = {Various Authors},
  date = {2020-12-02},
  url = {openlogicproject.org}
}

@book{Фихтенгольц1968/1,
  title = {Основы математического анализа. Том 1 (шестое издание)},
  author = {Григорий Фихтенгольц},
  year = {1968}
}

@book{Фихтенгольц1968/2,
  title = {Основы математического анализа. Том 2 (шестое издание)},
  author = {Григорий Фихтенгольц},
  year = {1968}
}

@book{Боянов2008,
  title = {Лекции по числени методи (второ издание)},
  author = {Боян Боянов},
  year = {2008}
}

@book{Hartshorne1967,
  title = {Foundations of Projective Geometry},
  author = {Robin Hartshorne},
  year = {1967},
  url = {http://www.math.rug.nl/~piter/KR/Hartshorne.pdf}
}

@book{Иванов2017,
  title = {Классическая дифференциальная геометрия},
  author = {А. О. Иванов and А. А Тужилин},
  year = {2017},
  url = {http://dfgm.math.msu.su/materials.php}
}

@book{Николов2020,
  title = {Лекции по теория на апроксимациите},
  author = {Гено Николов},
  year = {2020}
}

@book{Bergh1976,
  doi = {10.1007/978-3-642-66451-9},
  url = {https://doi.org/10.1007%2F978-3-642-66451-9},
  year = 1976,
  publisher = {Springer Berlin Heidelberg},
  author = {Jöran Bergh and Jörgen Löfström},
  title = {Interpolation Spaces}
}
