@online{code:free_group_grammar_verification,
  author = {Ianis Vasilev},
  date = {2021-03-07},
  language = {english},
  revision = {1},
  title = {Free group grammar verification},
  url = {https://gist.github.com/v--/e7bf1b851c458090126c218e9e25575f}
}

@online{code:free_group_reduction_verification,
  author = {Ianis Vasilev},
  date = {2021-03-07},
  language = {english},
  revision = {1},
  title = {Free group reduction verification},
  url = {https://gist.github.com/v--/29348b0930b85ef02aa7f4510c0f2ddd}
}
