@online{MathOF:closure_operator_on_poset,
  author = {Todd Trimble},
  date = {2011-06-11},
  howpublished = {MathOverflow},
  language = {english},
  title = {Is it possible to define a closure operator in terms of partial ordering?},
  url = {https://mathoverflow.net/a/68849}
}
