@misc{MathSE:quotient_of_free_group_by_normal_subgroup,
  title         = {Every group is the quotient of a free group by a normal subgroup},
  author        = {Zach Conn (https://math.stackexchange.com/users/251/zach-conn)},
  howpublished  = {Mathematics Stack Exchange},
  note          = {URL:https://math.stackexchange.com/q/9462 (version: 2010-11-08)},
  eprint        = {https://math.stackexchange.com/q/9462},
  url           = {https://math.stackexchange.com/q/9462}
}

@misc{MathSE:material_vs_logical_implication,
  title         = {What's the difference between material implication and logical implication?},
  author        = {Carl Mummert (https://math.stackexchange.com/users/630/carl-mummert)},
  howpublished  = {Mathematics Stack Exchange},
  note          = {URL:https://math.stackexchange.com/q/68940 (version: 2011-10-01)},
  eprint        = {https://math.stackexchange.com/q/68940},
  url           = {https://math.stackexchange.com/q/68940}
}
