@online{MathSE:every_group_is_the_quotient_of_a_free_group_by_a_normal_subgroup,
  author = {Zach Conn},
  title = {Every group is the quotient of a free group by a normal subgroup},
  url = {https://math.stackexchange.com/revisions/9462/2},
  date = {2010-11-08},
  revision = {2}
}

@online{Python:39_grammar,
  author = {{Python Software Foundation}},
  title = {Full Grammar specification},
  url = {https://docs.python.org/3/reference/grammar.html},
  date = {2021-03-25},
  urldate = {2021-03-26}
}
