@online{nLab:absolute_value,
  author = {{nLab authors}},
  date = {2018-03-30},
  revision = {17},
  title = {absolute value},
  url = {https://ncatlab.org/nlab/revision/absolute+value/17}
}

@online{nLab:boolean_algebra,
  author = {{nLab authors}},
  date = {2016-08-28},
  revision = {21},
  title = {Boolean algebra},
  url = {https://ncatlab.org/nlab/revision/Boolean+algebra/21}
}

@online{nLab:chain_complex,
  author = {{nLab authors}},
  date = {2020-08-25},
  revision = {33},
  title = {chain complex},
  url = {https://ncatlab.org/nlab/show/chain+complex/33}
}

@online{nLab:distributive_lattice,
  author = {{nLab authors}},
  date = {2020-03-20},
  revision = {22},
  title = {distributive lattice},
  url = {https://ncatlab.org/nlab/revision/distributive+lattice/22}
}

@online{nLab:enriched_category,
  author = {{nLab authors}},
  date = {2020-04-16},
  revision = {93},
  title = {enriched category},
  url = {http://ncatlab.org/nlab/revision/enriched+category/93}
}

@online{nLab:euclidean_domain,
  author = {{nLab authors}},
  date = {2020-12-17},
  revision = {8},
  title = {Euclidean domain},
  url = {https://ncatlab.org/nlab/revision/Euclidean+domain/8}
}

@online{nLab:free_object,
  author = {{nLab authors}},
  date = {2019-04-27},
  revision = {12},
  title = {free object},
  url = {https://ncatlab.org/nlab/revision/free+object/12}
}

@online{nLab:grothendieck_group_of_a_commutative_monoid,
  author = {{nLab authors}},
  date = {2020-06-11},
  revision = {4},
  title = {Grothendieck group of a commutative monoid},
  url = {https://ncatlab.org/nlab/revision/Grothendieck+group+of+a+commutative+monoid/4}
}

@online{nLab:order_topology,
  author = {{nLab authors}},
  date = {2017-05-03},
  revision = {3},
  title = {order topology},
  url = {https://ncatlab.org/nlab/revision/order+topology/3}
}

@online{nLab:polarization_identity,
  author = {{nLab authors}},
  date = {2020-09-11},
  revision = {13},
  title = {polarization identity},
  url = {https://ncatlab.org/nlab/revision/polarization+identity/13}
}

@online{nLab:preorder,
  author = {{nLab authors}},
  date = {2020-04-17},
  revision = {52},
  title = {preorder},
  url = {https://ncatlab.org/nlab/revision/preorder/52}
}

@online{nLab:split_exact_sequence,
  author = {{nLab authors}},
  date = {2015-12-20},
  revision = {16},
  title = {split exact sequence},
  url = {https://ncatlab.org/nlab/revision/split+exact+sequence/16}
}

@online{nLab:thin_category,
  author = {{nLab authors}},
  date = {2020-07-01},
  revision = {8},
  title = {thin category},
  url = {https://ncatlab.org/nlab/revision/thin+category/8}
}

@online{nLab:top,
  author = {{nLab authors}},
  date = {2020-06-06},
  revision = {42},
  title = {Top},
  url = {https://ncatlab.org/nlab/revision/Top/42}
}

@online{nLab:tropical_semiring,
  author = {{nLab authors}},
  date = {2013-03-11},
  revision = {6},
  title = {tropical semiring},
  url = {https://ncatlab.org/nlab/revision/tropical+semiring/6}
}

@online{nLab:zorns_lemma,
  author = {{nLab authors}},
  date = {2018-02-25},
  revision = {26},
  title = {Zorn's lemma},
  url = {https://ncatlab.org/nlab/revision/Zorn's+lemma/26}
}
