@article{Anderson1988,
  author = {D.D. Anderson},
  doi = {10.1080/00927878808823628},
  journal = {Communications in Algebra},
  language = {en},
  month = {jan},
  number = {6},
  pages = {1221-1229},
  primaryclass = {Algebra and Number Theory},
  publisher = {Informa UK Limited},
  title = {An existence theorem for non-euclidean pidâ€™S},
  url = {http://dx.doi.org/10.1080/00927878808823628},
  volume = {16},
  year = {1988}
}

@article{Bouziad2004,
  author = {A. Bouziad and J.P. Troallic},
  doi = {10.1016/j.topol.2004.05.005},
  journal = {Topology and its Applications},
  month = {oct},
  number = {1-3},
  pages = {95--107},
  publisher = {Elsevier {BV}},
  title = {Functional equicontinuity and uniformities in topological groups},
  url = {https://doi.org/10.1016%2Fj.topol.2004.05.005},
  volume = {144},
  year = {2004}
}

@article{Carlsson2009,
  author = {Gunnar Carlsson},
  day = {29},
  doi = {10.1090/S0273-0979-09-01249-X},
  journal = {Bulletin of the American Mathematical Society},
  language = {en},
  month = {jan},
  number = {2},
  pages = {255-308},
  publisher = {American Mathematical Society (AMS)},
  title = {Topology and data},
  url = {http://dx.doi.org/10.1090/S0273-0979-09-01249-X},
  volume = {46},
  year = {2009}
}

@article{Gordon1991,
  author = {Russell Gordon},
  day = {1},
  doi = {10.1216/rmjm/1181072923},
  journal = {Rocky Mountain Journal of Mathematics},
  language = {en},
  month = {sep},
  number = {3},
  primaryclass = {General Mathematics},
  publisher = {Rocky Mountain Mathematics Consortium},
  title = {Survey Article Riemann Integration in Banach Spaces},
  url = {http://dx.doi.org/10.1216/rmjm/1181072923},
  volume = {21},
  year = {1991}
}

@article{Hodges1979,
  author = {Wilfrid Hodges},
  doi = {10.1112/jlms/s2-19.2.285},
  journal = {Journal of the London Mathematical Society},
  language = {en},
  month = {apr},
  number = {2},
  pages = {285-287},
  primaryclass = {General Mathematics},
  publisher = {Wiley},
  title = {Krull Implies Zorn},
  url = {http://dx.doi.org/10.1112/jlms/s2-19.2.285},
  volume = {s2-19},
  year = {1979}
}

@article{MacLane1945,
  author = {Samuel Eilenberg and Saunders MacLane},
  issn = {00029947},
  journal = {Transactions of the American Mathematical Society},
  number = {2},
  pages = {231--294},
  publisher = {American Mathematical Society},
  title = {General Theory of Natural Equivalences},
  url = {http://www.jstor.org/stable/1990284},
  volume = {58},
  year = {1945}
}

@article{Martin1990,
  author = {Norman M. Martin and Francis Jeffry Martin},
  day = {1},
  doi = {10.1305/ndjfl/1093635508},
  journal = {Notre Dame Journal of Formal Logic},
  language = {en},
  month = {jun},
  number = {3},
  primaryclass = {Logic},
  publisher = {Duke University Press},
  title = {Post's functional completeness theorem.},
  url = {http://dx.doi.org/10.1305/ndjfl/1093635508},
  volume = {31},
  year = {1990}
}

@article{Peano1889,
  author = {Giuseppe Peano},
  publisher = {Fratres Bocca},
  series = {Nineteenth Century Collections Online (NCCO): Science, Technology, and Medicine: 1780-1925},
  title = {Arithmetices Principia: Nova Methodo},
  url = {https://books.google.bg/books?id=z80GAAAAYAAJ},
  year = {1889}
}
