@misc{Backus1958,
  author = {John Warner Backus},
  language = {english},
  title = {The Syntax and Semantics of the Proposed International Algebraic Language of the Zurich ACM-GAMM Conference},
  url = {https://www.softwarepreservation.org/projects/ALGOL/paper/Backus-Syntax_and_Semantics_of_Proposed_IAL.pdf},
  year = {1958}
}

@misc{Conrad2020Complexification,
  author = {Keith Conrad},
  language = {english},
  title = {Complexification},
  url = {https://www.math.uconn.edu/~kconrad/blurbs/linmultialg/complexification.pdf},
  year = {2020}
}

@misc{Lehuta2009,
  author = {Michal Lehuta},
  language = {english},
  title = {Subnets},
  url = {http://thales.doa.fmph.uniba.sk/sleziak/texty/rozne/topo/},
  year = {2009}
}
