@book{Aho2006,
  author = {Aho, Alfred V. and Lam, Monica S. and Sethi, Ravi and Ullman, Jeffrey},
  date = {2006},
  edition = {2},
  isbn = {0-321-48681-1},
  language = {english},
  publisher = {Addison Wesley},
  subtitle = {Principles, Techniques, and Tools},
  title = {Compilers}
}

@book{Aluffi2009,
  author = {Aluffi, Paolo},
  date = {2009},
  isbn = {978-0-8218-4781-7},
  language = {english},
  publisher = {American Mathematical Society},
  subtitle = {Chapter 0},
  title = {Algebra}
}

@book{AubinFrankowska1990,
  author = {Aubin, Jean-Pierre and Frankowska, Helene},
  date = {1990},
  isbn = {3-7643-3478-9},
  language = {english},
  publisher = {Birkhauser},
  title = {Set-Valued Analysis}
}

@book{Barendregt1984,
  author = {Barendregt, Henk},
  date = {1984},
  isbn = {0-444-86748-1},
  language = {english},
  publisher = {North-Holland},
  subtitle = {Its Syntax and Semantics},
  title = {The Lambda Calculus}
}

@book{Beman1901Dedekind,
  author = {Dedekind, Richard},
  date = {1901},
  language = {english},
  publisher = {Open Court Publishing Company},
  title = {Essays on the Theory of Numbers},
  translator = {Wooster Woodruff Beman},
  url = {https://www.gutenberg.org/ebooks/21016}
}

@book{BerghLofstrom1976,
  author = {Bergh, Jöran and Löfström, Jörgen},
  date = {1976},
  doi = {10.1007/978-3-642-66451-9},
  isbn = {978-3-642-66451-9},
  language = {english},
  publisher = {Springer Berlin Heidelberg},
  series = {Grundlehren der mathematischen Wissenschaften},
  title = {Interpolation Spaces},
  url = {http://dx.doi.org/10.1007/978-3-642-66451-9}
}

@book{BiggsLloydWilson1986,
  author = {Biggs, Norman Linstead and Lloyd, E. Keith and Wilson, Robin James},
  date = {1986},
  isbn = {0-19-853916-9},
  language = {english},
  publisher = {Oxford University Press},
  title = {Graph Theory, 1736-1936}
}

@book{Birkhoff1967,
  author = {Birkhoff, Garrett},
  date = {1967},
  isbn = {978-0-8218-1025-5},
  language = {english},
  publisher = {American Mathematical Society},
  title = {Lattice Theory}
}

@book{Bollobas1998,
  author = {Bollobás, Béla},
  date = {1998},
  isbn = {978-0-387-98488-9},
  language = {english},
  publisher = {Springer},
  title = {Modern Graph Theory}
}

@book{BrannanEsplenGray2011,
  author = {Brannan, David A. and Esplen, Matthew F. and Gray, Jeremy J.},
  date = {2011},
  isbn = {978-1-107-64783-1},
  language = {english},
  publisher = {Cambridge University Press},
  title = {Geometry}
}

@book{Carothers2000,
  author = {Carothers, Neal L.},
  date = {2000},
  isbn = {0-521-49749-3},
  language = {english},
  publisher = {Cambridge University Press},
  title = {Real Analysis}
}

@booklet{CitkinMuravitsky2021,
  archiveprefix = {arXiv},
  author = {Citkin, Alex and Muravitsky, Alexei},
  date = {2021-06},
  eprint = {2106.10966v2},
  language = {english},
  primaryclass = {math.LO},
  subtitle = {An Introduction to the Tarski-Lindenbaum Method},
  title = {Consequence Relations},
  url = {http://arxiv.org/abs/2106.10966v2}
}

@book{Clarke2013,
  author = {Clarke, Francis},
  date = {2013},
  doi = {10.1007/978-1-4471-4820-3},
  isbn = {978-1-4471-4820-3},
  language = {english},
  publisher = {Springer London},
  series = {Graduate Texts in Mathematics},
  title = {Functional Analysis, Calculus of Variations and Optimal Control},
  url = {http://dx.doi.org/10.1007/978-1-4471-4820-3}
}

@book{DaveyPriestley2002,
  author = {Davey, Brian and Priestley, Hilary},
  date = {2002},
  edition = {2},
  isbn = {978-0-521-78451-1},
  language = {english},
  publisher = {Cambridge University Press},
  title = {Introduction to Lattices and Order}
}

@book{Deimling1985,
  author = {Deimling, Klaus},
  date = {1985},
  isbn = {3-540-13928-1},
  language = {english},
  publisher = {Springer},
  title = {Nonlinear Functional Analysis}
}

@book{Diestel2005,
  author = {Diestel, Reinhard},
  date = {2005},
  edition = {3},
  isbn = {978-3-96134-005-7},
  language = {english},
  publisher = {Springer-Verlag},
  title = {Graph Theory}
}

@book{DontchevRockafellar2014,
  author = {Dontchev, Asen L. and Rockafellar, Ralph Tyrrell},
  date = {2014},
  doi = {10.1007/978-1-4939-1037-3},
  isbn = {978-1-4939-1037-3},
  language = {english},
  publisher = {Springer New York},
  series = {Springer Series in Operations Research and Financial Engineering},
  title = {Implicit Functions and Solution Mappings},
  url = {http://dx.doi.org/10.1007/978-1-4939-1037-3}
}

@book{Enderton1977Sets,
  author = {Enderton, Herbert B.},
  date = {1977},
  isbn = {0-12-238440-7},
  language = {english},
  publisher = {Academic Press},
  title = {Elements of Set Theory}
}

@book{Engelking1989,
  author = {Engelking, Ryszard},
  date = {1989},
  isbn = {3-88538-006-4},
  language = {english},
  publisher = {Heldermann},
  title = {General Topology}
}

@book{Erickson2019,
  author = {Erickson, Jeff},
  date = {2019},
  edition = {1},
  language = {english},
  title = {Algorithms},
  url = {http://jeffe.cs.illinois.edu/teaching/algorithms/}
}

@book{Fibonacci2002Sigler,
  author = {Fibonacci, Leonardo},
  date = {2002},
  doi = {10.1007/978-1-4613-0079-3},
  isbn = {978-1-4613-0079-3},
  language = {english},
  publisher = {Springer New York},
  title = {Fibonacci’s Liber Abaci},
  translator = {Laurence Sigler},
  url = {http://dx.doi.org/10.1007/978-1-4613-0079-3}
}

@book{Fitzpatrick2008Euclid,
  author = {Euclid of Alexandria},
  date = {2008},
  isbn = {978-0-615-17984-1},
  language = {english},
  title = {Euclid's Elements of Geometry},
  translator = {Richard Fitzpatrick}
}

@book{Gallier2011,
  author = {Gallier, Jean H.},
  date = {2011},
  isbn = {978-1-4419-9961-0},
  language = {english},
  publisher = {Springer},
  title = {Geometric Methods and Applications}
}

@book{Golan2010,
  author = {Golan, Jonathan S.},
  date = {2010},
  isbn = {978-90-481-5252-0},
  language = {english},
  publisher = {Springer},
  title = {Semirings and Their Applications}
}

@book{GondranMinoux1984Graphs,
  author = {Gondran, Michel and Minoux, Michel},
  date = {1984},
  isbn = {0-471-10374-8},
  language = {english},
  publisher = {Wiley},
  title = {Graphs and Algorithms}
}

@book{Gratzer2011,
  author = {Grätzer, George},
  date = {2011},
  doi = {10.1007/978-3-0348-0018-1},
  isbn = {978-3-0348-0018-1},
  language = {english},
  publisher = {Springer Basel},
  series = {[]},
  subtitle = {Foundation},
  title = {Lattice Theory},
  url = {http://dx.doi.org/10.1007/978-3-0348-0018-1}
}

@book{Harary1969,
  author = {Harary, Frank},
  date = {1969},
  language = {english},
  publisher = {Addison-Wesley},
  title = {Graph Theory}
}

@book{Harzheim2005,
  author = {Harzheim, Egbert},
  date = {2005},
  isbn = {0-387-24219-8},
  language = {english},
  publisher = {Springer},
  series = {Advances in Mathematics},
  title = {Ordered Sets}
}

@book{Hindley1997,
  author = {Hindley, J. Roger},
  date = {1997},
  isbn = {0-521-46518-4},
  language = {english},
  publisher = {Cambridge University Press},
  title = {Basic Simple Type Theory}
}

@book{Hinman2005,
  author = {Hinman, Peter G.},
  date = {2005},
  isbn = {1-56881-262-0},
  language = {english},
  publisher = {A. K. Peters},
  title = {Fundamentals of Mathematical Logic}
}

@book{Jacobson1985Vol1,
  author = {Jacobson, Nathan},
  date = {1985},
  isbn = {0-7167-1480-9},
  language = {english},
  publisher = {W. H. Freeman},
  title = {Basic Algebra},
  volume = {1}
}

@book{Jacobson1989Vol2,
  author = {Jacobson, Nathan},
  date = {1989},
  isbn = {0-7167-1933-9},
  language = {english},
  publisher = {W. H. Freeman},
  title = {Basic Algebra},
  volume = {2}
}

@book{Kaplansky1974Rings,
  author = {Kaplansky, Irving},
  date = {1974},
  isbn = {0-226-42454-5},
  language = {english},
  publisher = {University of Chicago Press},
  title = {Commutative Rings}
}

@book{Kelley1975,
  author = {Kelley, John L.},
  date = {1975},
  isbn = {0-387-90125-6},
  language = {english},
  publisher = {Springer-Verlag},
  title = {General Topology}
}

@book{Kleene2002Logic,
  author = {Kleene, Stephen Cole},
  date = {2002},
  isbn = {0-486-42533-9},
  language = {english},
  publisher = {Courier Corporation},
  title = {Mathematical Logic}
}

@book{Knapp2016BasicAlgebra,
  author = {Knapp, Anthony},
  date = {2016},
  edition = {Digital Second Edition},
  language = {english},
  title = {Basic Algebra},
  url = {http://www.math.stonybrook.edu/~aknapp/}
}

@book{Knauer2011,
  author = {Knauer, Ulrich},
  date = {2011},
  isbn = {978-3-11-025509-6},
  language = {english},
  publisher = {de Gruyter GmbH, Walter},
  subtitle = {Morphisms, Monoids and Matrices},
  title = {Algebraic Graph Theory}
}

@book{Knuth1997Vol1,
  author = {Knuth, Donald},
  date = {1997},
  edition = {3},
  isbn = {978-0-201-89683-1},
  language = {english},
  publisher = {Addison-Wesley},
  subtitle = {Fundamental Algorithms},
  title = {The Art of Computer Programming},
  volume = {1}
}

@book{Knuth1997Vol2,
  author = {Knuth, Donald},
  date = {1997},
  edition = {3},
  isbn = {978-0-201-89684-8},
  language = {english},
  publisher = {Addison-Wesley},
  subtitle = {Seminumerical Algorithms},
  title = {The Art of Computer Programming},
  volume = {2}
}

@book{Knuth1998Vol3,
  author = {Knuth, Donald},
  date = {1998},
  isbn = {978-0-201-89685-5},
  language = {english},
  publisher = {Addison-Wesley},
  subtitle = {Sorting and Searching},
  title = {The Art of Computer Programming},
  volume = {3}
}

@book{KufnerFucik1980,
  author = {Kufner, Alois and Fučík, Svatopluk},
  date = {1980},
  isbn = {0-444-99771-7},
  language = {english},
  publisher = {Elsevier Scientific Pub. Co.},
  title = {Nonlinear Differential Equations}
}

@book{Lang2002,
  author = {Lang, Serge},
  date = {2002},
  edition = {3},
  isbn = {0-387-95385-X},
  language = {english},
  publisher = {Springer},
  series = {Graduate Texts in Mathematics},
  title = {Algebra}
}

@booklet{Leinster2016Basic,
  archiveprefix = {arXiv},
  author = {Leinster, Tom},
  date = {2016-12},
  eprint = {1612.09375v1},
  language = {english},
  note = {Cambridge Studies in Advanced Mathematics, Vol. 143, Cambridge University Press, 2014},
  primaryclass = {math.CT},
  title = {Basic Category Theory},
  url = {http://arxiv.org/abs/1612.09375v1}
}

@book{Lorentz1966,
  author = {Lorentz, George Gunter},
  date = {1966},
  language = {english},
  title = {Approximation of Functions}
}

@book{MacLane1998,
  author = {Mac Lane, Saunders},
  date = {1998},
  doi = {10.1007/978-1-4757-4721-8},
  edition = {2},
  isbn = {978-1-4757-4721-8},
  language = {english},
  publisher = {Springer New York},
  series = {Graduate Texts in Mathematics},
  title = {Categories for the Working Mathematician},
  url = {http://dx.doi.org/10.1007/978-1-4757-4721-8}
}

@book{MathPsychology1963Vol2,
  author = {Sternberg, Saul and Atkinson, Richard C. and Estes, William K. and Chomsky, Noam and Miller, George A. and Rapoport, Anatol},
  date = {1963},
  language = {english},
  publisher = {John Wiley \& Sons Inc},
  title = {Handbook of Mathematical Psychology},
  volume = {II}
}

@inbook{MerianKönigsbergBridges,
  author = {Merian, Matthäus and Zeiller, Martin},
  date = {1652},
  language = {german},
  pages = {30--31},
  subtitle = {Topographia Electoratus Brandenburgici Et Ducatus Pomeraniae},
  title = {Topographia Germaniae},
  url = {https://mapy.mzk.cz/en/mzk03/001/066/459/2619317198/},
  volume = {13}
}

@book{Mimram2020,
  author = {Mimram, Samuel},
  date = {2020},
  edition = {2024-02-08},
  isbn = {979-8-6155-9183-9},
  language = {english},
  title = {Program = Proof}
}

@book{NegriPlato2001,
  author = {Negri, Sara and von Plato, Jan},
  date = {2001},
  isbn = {0-521-79307-6},
  language = {english},
  publisher = {Cambridge University Press},
  title = {Structural Proof Theory}
}

@booklet{Perrone2019,
  archiveprefix = {arXiv},
  author = {Perrone, Paolo},
  date = {2019-12},
  eprint = {1912.10642v6},
  language = {english},
  primaryclass = {math.CT},
  title = {Notes on Category Theory With Examples From Basic Mathematics},
  url = {http://arxiv.org/abs/1912.10642v6}
}

@book{Phelps1993,
  author = {Phelps, Robert R.},
  date = {1993},
  isbn = {0-387-56715-1},
  language = {english},
  publisher = {Springer-Verlag},
  title = {Convex Functions, Monotone Operators, and Differentiability}
}

@book{PicadoPultr2012,
  author = {Picado, Jorge and Pultr, Aleš},
  date = {2012},
  doi = {10.1007/978-3-0348-0154-6},
  isbn = {978-3-0348-0154-6},
  language = {english},
  publisher = {Springer Basel},
  series = {Frontiers in Mathematics},
  subtitle = {Topology Without Points},
  title = {Frames and Locales},
  url = {http://dx.doi.org/10.1007/978-3-0348-0154-6}
}

@book{RasiowaSikorski1963,
  author = {Rasiowa, Helena and Sikorski, Roman},
  date = {1963},
  language = {english},
  title = {Mathematics of Metamathematics}
}

@book{Rockafellar1997,
  author = {Rockafellar, Ralph Tyrrell},
  date = {1997},
  isbn = {0-691-08069-0},
  language = {english},
  publisher = {Princeton University},
  title = {Convex Analysis}
}

@book{Rosen1999,
  author = {Rosen, Kenneth H.},
  date = {1999},
  isbn = {0-8493-0149-1},
  language = {english},
  publisher = {CRC},
  series = {Discrete Mathematics and Its Applications},
  title = {Handbook of Discrete and Combinatorial Mathematics}
}

@book{Rotman2010,
  author = {Rotman, Joseph J.},
  date = {2010},
  isbn = {978-0-8218-4741-1},
  language = {english},
  publisher = {American Mathematical Society},
  title = {Advanced Modern Algebra}
}

@book{Rudin1976Principles,
  author = {Rudin, Walter},
  date = {1976},
  edition = {3},
  isbn = {0-07-100276-6},
  language = {english},
  publisher = {McGraw-Hill},
  title = {Principles of Mathematical Analysis}
}

@book{Rudin1986RealAndComplex,
  author = {Rudin, Walter},
  date = {1987},
  edition = {3},
  isbn = {0-07-100276-6},
  language = {english},
  publisher = {McGraw-Hill},
  title = {Real and Complex Analysis}
}

@book{Rudin1991Functional,
  author = {Rudin, Walter},
  date = {1991},
  isbn = {0-07-100944-2},
  language = {english},
  publisher = {McGraw-Hill},
  title = {Functional Analysis}
}

@book{Salomaa1987,
  author = {Salomaa, Arto},
  date = {1973},
  language = {english},
  publisher = {Academic Press},
  title = {Formal Languages}
}

@book{Saul2008Hadamard,
  author = {Hadamard, Jacques},
  date = {2008},
  isbn = {978-0-8218-4367-3},
  language = {english},
  publisher = {Education Development Center},
  subtitle = {Planimetry},
  title = {Lessons in Geometry},
  translator = {Mark Saul},
  volume = {1}
}

@book{Savage1998,
  author = {Savage, John E.},
  date = {1998},
  isbn = {978-0-201-89539-1},
  language = {english},
  publisher = {Addison Wesley},
  subtitle = {Exploring the Power of Computing},
  title = {Models of Computation},
  url = {http://cs.brown.edu/people/jsavage/book/}
}

@book{Serre1992,
  author = {Serre, Jean-Pierre},
  date = {1992},
  isbn = {0-387-55008-9},
  language = {english},
  publisher = {Springer-Verlag},
  subtitle = {1964 Lectures Given at Harvard University},
  title = {Lie Algebras and Lie Groups}
}

@book{Smullyan1995,
  author = {Smullyan, Raymond M.},
  date = {1995},
  isbn = {0-486-68370-2},
  language = {english},
  publisher = {Dover},
  title = {First-Order Logic}
}

@book{SteenSeebach1995,
  author = {Steen, Lynn Arthur and Seebach, J. Arthur},
  date = {1995},
  isbn = {978-0-486-68735-3},
  language = {english},
  publisher = {Dover Publications},
  title = {Counterexamples in Topology}
}

@booklet{Treil2017,
  author = {Treil, Sergei},
  date = {2004},
  edition = {2017-09-04},
  language = {english},
  title = {Linear Algebra Done Wrong},
  url = {https://www.math.brown.edu/streil/papers/LADW/LADW.html}
}

@book{TroelstraSchwichtenberg2000,
  author = {Troelstra, Anne Sjerp and Schwichtenberg, Helmut},
  date = {2000},
  isbn = {978-0-521-77911-1},
  language = {english},
  publisher = {Cambridge University Press},
  title = {Basic Proof Theory}
}

@book{Waterman1995,
  author = {Waterman, Michael S.},
  date = {1995},
  isbn = {0-412-99391-0},
  language = {english},
  publisher = {Chapman \& Hall/CRC},
  subtitle = {Maps, Sequences, and Genomes: Interdisciplinary Statistics},
  title = {Introduction to Computational Biology}
}

@book{Woodger1983Tarski,
  author = {Tarski, Alfred},
  date = {1983},
  edition = {2},
  isbn = {978-0-915144-75-4},
  language = {english},
  publisher = {Hackett Publishing Company},
  subtitle = {Papers From 1923 to 1938},
  title = {Logic, Semantics, Metamathematics},
  translator = {J. H. Woodger}
}

@book{Александров1977Введение,
  author = {Александров, Павел Сергеевич},
  date = {1977},
  language = {russian},
  publisher = {Наука},
  shortauthor = {Pаvel Sergeevich Аleksаndrov},
  title = {Введение в теорию множеств и общую топологию},
  udc = {513.83}
}

@book{Арнольд2012,
  author = {Арнольд, Владимир Игоревич},
  bbc = {22.161.6},
  date = {2012},
  edition = {Електронное},
  isbn = {978-5-4439-2007-8},
  language = {russian},
  publisher = {Издательство Московского центра непрерывного математического образования},
  shortauthor = {Vlаdimir Igorevich Аrnold},
  title = {Обыкновенные дифференциальные уравнения},
  udc = {517.9}
}

@book{БелоусовТкачёв2004,
  author = {Белоусов, Алексей and Ткачёв, Сергей},
  bbc = {22.174},
  date = {2004},
  language = {russian},
  publisher = {Издательство МГТУ},
  shortauthor = {Аleksey Belousov and Sergey Tkаchev},
  title = {Дискреткая математика},
  udc = {512.5+519.1(075.8)}
}

@book{Боровков1999Вероятности,
  author = {Боровков, Александр Александрович},
  date = {1999},
  edition = {3},
  isbn = {5-901006-66-6},
  language = {russian},
  publisher = {Едиториал УРСС},
  shortauthor = {Аleksаndr Аleksаndrovich Borovkov},
  title = {Теория вероятностей}
}

@book{Боянов2008,
  author = {Боянов, Борислав},
  date = {2008},
  edition = {2},
  isbn = {954-90126-1-1},
  language = {bulgarian},
  publisher = {Дарба},
  shortauthor = {Borislаv Boyanov},
  title = {Лекции по числени методи}
}

@book{ВечтомовПетров2022,
  author = {Вечтомов, Евгений Михайлович and Петров, Андрей Александрович},
  bbc = {2.144я73},
  date = {2022},
  language = {russian},
  publisher = {Лань},
  shortauthor = {Evgeniy Mikhаilovich Vechtomov and Аndrey Аleksаndrovich Petrov},
  subtitle = {Полукольца с идемпотентным умножением},
  title = {Функциональная алгебра и полукольца},
  udc = {512.558}
}

@book{Винберг2014,
  author = {Винберг, Эрнест Борисович},
  bbc = {22.14},
  date = {2014},
  edition = {2},
  isbn = {978-5-4439-2013-9},
  language = {russian},
  publisher = {МЦНМО},
  shortauthor = {Ernest Borisovich Vinberg},
  title = {Курс алгебры},
  udc = {512}
}

@book{ГеновМиховскиМоллов1991,
  author = {Генов, Георги and Миховски, Стоил and Моллов, Тодор},
  date = {1991},
  edition = {1},
  language = {bulgarian},
  publisher = {Наука и изкуство},
  shortauthor = {Georgi Genov and Stoil Mikhovski and Todor Mollov},
  title = {Алгебра с теория на числата}
}

@book{Герасимов2011,
  author = {Герасимов, Александр Сергеевич},
  bbc = {22.12},
  date = {2011},
  edition = {3},
  isbn = {978-5-98709-292-7},
  language = {russian},
  shortauthor = {Аleksаndr Sergeevich Gerаsimov},
  title = {Курс математической логики и теории вычислимости},
  udc = {510.6+510.2+510.5+512.54.05+004.05}
}

@book{Гладкий1973Языки,
  author = {Гладкий, Алексей},
  bbc = {518},
  date = {1973},
  language = {russian},
  publisher = {Наука},
  shortauthor = {Аleksey Glаdkiy},
  title = {Формальные граматики и языки},
  udc = {519-95}
}

@book{Гуров2013,
  author = {Гуров, Сергей Исаевич},
  bbc = {22.144},
  date = {2013},
  language = {russian},
  shortauthor = {Sergey Isаevich Gurov},
  subtitle = {Определения, свойства, примеры},
  title = {Булевы алгебры, упорядоченные множества, решетки},
  udc = {512(075.8)}
}

@book{Гюзелев1873,
  author = {Гюзелев, Иван},
  date = {1873},
  language = {bulgarian},
  shortauthor = {Ivаn Giuzelev},
  title = {Кратка елементарна геометрія},
  url = {http://digilib.nalis.bg/xmlui/handle/nls/548}
}

@book{Емеличев1990,
  author = {Емеличев, Владимир Алексеевич and Мельников, Олег Исидорович and Сарванов, Владимир Иванович and Тышкевич, Регина Иосифовна},
  bbc = {22.174},
  date = {1990},
  isbn = {5-02-013992-0},
  language = {russian},
  publisher = {Наука},
  shortauthor = {Vlаdimir Аlekseevich Emelichev and Oleg Isidorovich Melnikov and Vlаdimir Ivаnovich Sаrvаnov and Reginа Iosifovnа Tyshkevich},
  title = {Лекци по теории графов},
  udc = {519.17(075.8)}
}

@book{Зорич2019Том1,
  author = {Зорич, Владимир Антонович},
  date = {2019},
  edition = {10},
  language = {russian},
  publisher = {МЦНМО},
  shortauthor = {Vlаdimir Аntonovich Zorich},
  title = {Математический анализ},
  url = {https://matan.math.msu.su/media/uploads/2020/03/V.A.Zorich-Kniga-I-10-izdanie-Corr.pdf},
  volume = {1}
}

@book{Зорич2019Том2,
  author = {Зорич, Владимир Антонович},
  date = {2019},
  edition = {9},
  language = {russian},
  publisher = {МЦНМО},
  shortauthor = {Vlаdimir Аntonovich Zorich},
  title = {Математический анализ},
  url = {https://matan.math.msu.su/media/uploads/2020/03/V.A.Zorich-Kniga-II-9-izdanie-Temp-Corr-3.pdf},
  volume = {2}
}

@booklet{ИвановТужилин2017,
  author = {Иванов, Александр Олегович and Тужилин, Алексей Августинович},
  date = {2017},
  language = {russian},
  shortauthor = {Аleksаndr Olegovich Ivаnov and Аleksey Аvgustinovich Tuzhilin},
  title = {Классическая дифференциальная геометрия},
  url = {http://dfgm.math.msu.su/materials.php}
}

@book{ИльинСадовничийСендов1985Том1,
  author = {Ильин, Владимир Александрович and Садовничий, Виктор Антонович and Сендов, Благовест Христов},
  date = {1985},
  edition = {2},
  language = {russian},
  publisher = {Издательство Московского университета},
  shortauthor = {Vlаdimir Аleksаndrovich Ilin and Viktor Аntonovich Sаdovnichiy and Blаgovest Khristov Sendov},
  subtitle = {Начальный курс},
  title = {Математический анализ},
  volume = {1}
}

@book{ИоффеТихомиров1974,
  author = {Иоффе, Александр Давидович and Тихомиров, Владимир Михайлович},
  date = {1974},
  language = {russian},
  publisher = {Наука},
  series = {Нелинейный анализ и его приложения},
  shortauthor = {Аleksаndr Dаvidovich Ioffe and Vlаdimir Mikhаilovich Tikhomirov},
  title = {Теория экстремальных задач}
}

@book{КанторовичАкилов1984,
  author = {Канторович, Леонид Витальевич and Акилов, Глеб Павлович},
  date = {1984},
  edition = {3},
  language = {russian},
  publisher = {Наука},
  shortauthor = {Leonid Vitаlevich Kаntorovich and Gleb Pаvlovich Аkilov},
  title = {Функциональный анализ},
  udc = {517.5}
}

@book{Киселёв2009,
  author = {Киселёв, Андрей Петрович},
  bbc = {22.141},
  date = {2009},
  isbn = {5-9221-0367-9},
  language = {russian},
  publisher = {Физматлит},
  shortauthor = {Аndrey Petrovich Kiselev},
  subtitle = {Планиметрия, стереометрия},
  title = {Геометрия},
  udc = {501}
}

@book{КолмогоровДрагалин2006,
  author = {Колмогоров, Андрей Николаевич and Драгалин, Альберт Григорьевич},
  date = {2006},
  edition = {3},
  isbn = {5-484-00520-5},
  language = {russian},
  publisher = {УРСС},
  shortauthor = {Аndrey Nikolаevich Kolmogorov and Аlbert Grigorevich Drаgаlin},
  title = {Математическая логика}
}

@book{КолмогоровФомин2006,
  author = {Колмогоров, Андрей Николаевич and Фомин, Сергей Васильевич},
  bbc = {22.162},
  date = {2009},
  edition = {7},
  isbn = {978-5-9221-0266-7},
  language = {russian},
  publisher = {Физматлит},
  shortauthor = {Аndrey Nikolаevich Kolmogorov and Sergey Vаsilevich Fomin},
  title = {Элементы теории функций и функционального анализа},
  udc = {517.5}
}

@book{Костиркин1968Ленг,
  author = {Ленг, Серж},
  date = {1968},
  language = {russian},
  publisher = {Мир},
  shortauthor = {Serge Lang},
  title = {Алгебра},
  translator = {Алексей Иванович Кострикин}
}

@book{КоцевСидеров2016,
  author = {Коцев, Борис and Сидеров, Пламен},
  date = {2016},
  edition = {2},
  isbn = {978-954-8857-38-3},
  language = {bulgarian},
  shortauthor = {Boris Kotsev and Plаmen Siderov},
  title = {Комутативна алгебра}
}

@book{Ляпин1960,
  author = {Ляпин, Евгений Сергеевич},
  date = {1960},
  language = {russian},
  publisher = {ГИФМЛ},
  shortauthor = {Evgeniy Sergeevich Lyapin},
  title = {Полугруппы}
}

@book{МагарилИльяевТихомиров2002ВыпуклыйАнализ,
  author = {Магарил-Ильяев, Георгий Георгиевич and Тихомиров, Владимир Михайлович},
  bbc = {22.14,22.15},
  date = {2002},
  isbn = {5-354-00262-1},
  language = {russian},
  publisher = {Едиториал УРСС},
  shortauthor = {Georgiy Georgievich Mаgаril-Ilyaev and Vlаdimir Mikhаilovich Tikhomirov},
  title = {Выпуклый анализ и его приложения}
}

@book{Мальцев1970Системы,
  author = {Мальцев, Анатолий Иванович},
  date = {1970},
  language = {russian},
  publisher = {Наука},
  shortauthor = {Аnаtoliy Ivаnovich Mаltsev},
  title = {Алгебраические системы},
  udc = {512.8}
}

@book{Мирчев2001,
  author = {Мирчев, Иван},
  date = {2001},
  isbn = {954-680-174-7},
  language = {bulgarian},
  publisher = {Университетско издателство "Неофит Рилски"},
  shortauthor = {Ivаn Mirchev},
  subtitle = {Оптимизационни алгоритми в мрежи},
  title = {Графи}
}

@misc{Николов2020Лекции,
  author = {Николов, Гено},
  date = {2020},
  edition = {2020-11-25},
  language = {bulgarian},
  shortauthor = {Geno Nikolov},
  title = {Лекции по теория на апроксимациите}
}

@book{Новиков2013,
  author = {Новиков, Фёдор},
  bbc = {22.174},
  date = {2013},
  edition = {2},
  isbn = {978-5-496-00015-4},
  language = {russian},
  publisher = {Питер Пресс},
  shortauthor = {Fedor Novikov},
  title = {Дискретная математика},
  udc = {519.1(075)}
}

@book{ПетровЗяпков2010,
  author = {Петров, Никола and Зяпков, Никола},
  date = {2010},
  isbn = {954-577-079-1},
  language = {bulgarian},
  shortauthor = {Nikolа Petrov and Nikolа Zyapkov},
  title = {Линейна алгебра и аналитична геометрия},
  url = {https://store.fmi.uni-sofia.bg/fmi/algebra/KP_books.shtml},
  volume = {2}
}

@book{Проданов1982,
  author = {Проданов, Иван},
  date = {1982},
  language = {bulgarian},
  publisher = {Наука и изкуство},
  shortauthor = {Ivаn Prodаnov},
  subtitle = {Построение на някои класически функционални пространства},
  title = {Увод във функционалния анализ},
  volume = {1}
}

@book{Райков2009Артин,
  author = {Артин, Эмиль},
  bbc = {22.161,22.162},
  date = {2009},
  edition = {2},
  isbn = {978-5-397-00383-4},
  language = {russian},
  publisher = {УРСС},
  shortauthor = {Emil Аrtin},
  title = {Введение в теорию гамма-функций},
  translator = {Дмитрий Райков}
}

@book{Скорняков1990,
  author = {Скорняков, Лев},
  date = {1990},
  isbn = {5-02-014426-6},
  language = {russian},
  publisher = {Физматлит},
  shortauthor = {Lev Skornyakov},
  title = {Общая алгебра}
}

@book{Тагамлицки1971Диф,
  author = {Тагамлицки, Ярослав},
  date = {1971},
  edition = {5},
  language = {bulgarian},
  publisher = {Наука и изкуство},
  shortauthor = {Yaroslаv Tаgаmlitski},
  title = {Диференциално смятане},
  url = {https://store.fmi.uni-sofia.bg/fmi/or/_private/Calculus1.pdf}
}

@book{Тагамлицки1978Инт,
  author = {Тагамлицки, Ярослав},
  date = {1978},
  edition = {6},
  language = {bulgarian},
  publisher = {Наука и изкуство},
  shortauthor = {Yaroslаv Tаgаmlitski},
  title = {Интегрално смятане},
  url = {https://store.fmi.uni-sofia.bg/fmi/or/_p2.pdf}
}

@book{Тыртышников2007,
  author = {Тыртышников, Евгений},
  date = {2007},
  isbn = {978-5-9221-0778-5},
  language = {russian},
  publisher = {Физматлит},
  shortauthor = {Evgeniy Tyrtyshnikov},
  title = {Матричный анализ и линейная алгебра},
  url = {http://www.inm.ras.ru/vtm/lections.htm}
}

@book{ФихтенгольцОсновыТом1,
  author = {Фихтенгольц, Григорий Михайлович},
  date = {1968},
  edition = {6},
  language = {russian},
  publisher = {Наука},
  shortauthor = {Grigoriy Mikhаilovich Fichtenholz},
  title = {Основы математического анализа},
  volume = {1}
}

@book{ФихтенгольцОсновыТом2,
  author = {Фихтенгольц, Григорий Михайлович},
  date = {1968},
  edition = {5},
  language = {russian},
  publisher = {Наука},
  shortauthor = {Grigoriy Mikhаilovich Fichtenholz},
  title = {Основы математического анализа},
  volume = {2}
}

@book{ЦаленкоШульгейфер1974,
  author = {Цаленко, Михаил Шамшонович and Шульгейфер, Ефим Григорьевич},
  date = {1974},
  language = {russian},
  publisher = {Наука},
  shortauthor = {Mikhаil Shаmshonovich Tsаlenko and Efim Grigorevich Schulgeifer},
  title = {Основы теории категорий},
  udc = {512.8}
}

@book{Шафаревич1999,
  author = {Шафаревич, Игорь Ростиславович},
  date = {1999},
  isbn = {5-89806-022-7},
  language = {russian},
  publisher = {Ижевская республиканская типография},
  shortauthor = {Igor Rostislаvovich Shаfаrevich},
  title = {Основные понятия алгебры},
  udc = {512}
}

@book{ШеньВерещагин2017Языки,
  author = {Шень, Александр Ханиевич and Верещагин, Николай Константинович},
  bbc = {22.12},
  date = {2017},
  edition = {5},
  isbn = {978-5-4439-0944-8},
  language = {russian},
  number = {2},
  publisher = {МЦНМО},
  series = {Лекции по математической логике и теории алгоритмов},
  shortauthor = {Аleksаndr Khаnievich Shen and Nikolаi Konstаntinovich Vereshchаgin},
  title = {Языки и исчисления},
  udc = {510.6},
  url = {https://mccme.ru/free-books/}
}

@book{Эдельман1975,
  author = {Эдельман, Самсон},
  date = {1975},
  language = {russian},
  publisher = {Высшая школа},
  shortauthor = {Sаmson Edelmаn},
  title = {Математическая логика}
}

@book{ЭнциклопедияЕлементарнойМатематикиТом1,
  author = {Александров, Павел Сергеевич and Маркушевич, Алексей Иванович and Хинчин, Александр Яковлевич},
  date = {1951},
  language = {russian},
  publisher = {ГИТТЛ},
  shortauthor = {Pаvel Sergeevich Аleksаndrov and Аleksey Ivаnovich Mаrkushevich and Аleksаndr Yakovlevich Khinchin},
  subtitle = {Арифметика},
  title = {Энциклопедия элементарной математики},
  volume = {1}
}

@book{ЭнциклопедияЕлементарнойМатематикиТом2,
  author = {Александров, Павел Сергеевич and Маркушевич, Алексей Иванович and Хинчин, Александр Яковлевич},
  date = {1951},
  language = {russian},
  publisher = {ГИТТЛ},
  shortauthor = {Pаvel Sergeevich Аleksаndrov and Аleksey Ivаnovich Mаrkushevich and Аleksаndr Yakovlevich Khinchin},
  subtitle = {Алгебра},
  title = {Энциклопедия элементарной математики},
  volume = {2}
}

@book{ЭнциклопедияЕлементарнойМатематикиТом3,
  author = {Александров, Павел Сергеевич and Маркушевич, Алексей Иванович and Хинчин, Александр Яковлевич},
  date = {1952},
  language = {russian},
  publisher = {ГИТТЛ},
  shortauthor = {Pаvel Sergeevich Аleksаndrov and Аleksey Ivаnovich Mаrkushevich and Аleksаndr Yakovlevich Khinchin},
  subtitle = {Функции и пределы},
  title = {Энциклопедия элементарной математики},
  volume = {3}
}

@book{ЭнциклопедияЕлементарнойМатематикиТом4,
  author = {Александров, Павел Сергеевич and Маркушевич, Алексей Иванович and Хинчин, Александр Яковлевич},
  date = {1963},
  language = {russian},
  publisher = {ГИТТЛ},
  shortauthor = {Pаvel Sergeevich Аleksаndrov and Аleksey Ivаnovich Mаrkushevich and Аleksаndr Yakovlevich Khinchin},
  subtitle = {Геометрия},
  title = {Энциклопедия элементарной математики},
  volume = {4}
}

@book{ЭнциклопедияЕлементарнойМатематикиТом5,
  author = {Александров, Павел Сергеевич and Маркушевич, Алексей Иванович and Хинчин, Александр Яковлевич},
  date = {1966},
  language = {russian},
  publisher = {Наука},
  shortauthor = {Pаvel Sergeevich Аleksаndrov and Аleksey Ivаnovich Mаrkushevich and Аleksаndr Yakovlevich Khinchin},
  subtitle = {Геометрия},
  title = {Энциклопедия элементарной математики},
  volume = {5}
}

@book{Яблонский2003,
  author = {Яблонский, Сергей},
  bbc = {22.18Я14},
  date = {2003},
  edition = {4},
  isbn = {5-06-004681-8},
  language = {russian},
  publisher = {Высшая школа},
  shortauthor = {Sergei Yablonskiy},
  title = {Введение в дискретную математику},
  udc = {519.6(075.8)}
}
