@online{ARMDocs:endianness,
  author = {{ARM}},
  date = {2014-01-12},
  language = {english},
  title = {How to write endian-independent code in C},
  titleaddon = {IBM Developer},
  url = {ARM Cortex-A Series Programmer's Guide for ARMv7-A},
  urldate = {2025-04-04}
}

@online{HackageDocs:base-4.21:either,
  author = {The {University of Glasgow}},
  date = {2024-12-16},
  language = {english},
  title = {{Data.Either}},
  titleaddon = {Haskell documentation},
  url = {https://hackage.haskell.org/package/base-4.21.0.0/docs/Data-Either.html},
  urldate = {2025-01-24},
  version = {base-4.21.0.0}
}

@online{IBMDocs:endian_independent_code,
  author = {Harsha Adiga},
  date = {2007-05-14},
  language = {english},
  title = {How to write endian-independent code in C},
  titleaddon = {IBM Developer},
  url = {https://developer.ibm.com/articles/au-endianc/},
  urldate = {2025-04-04}
}

@online{PythonDocs:3.13:expressions,
  author = {{Python Software Foundation}},
  date = {2025-02-23},
  language = {english},
  title = {{6. Expressions}},
  titleaddon = {Python documentation},
  url = {https://docs.python.org/3.13/reference/expressions.html},
  urldate = {2025-02-24},
  version = {3.13.2}
}

@online{PythonDocs:3.13:math,
  author = {{Python Software Foundation}},
  date = {2025-01-31},
  language = {english},
  title = {{math - Mathematical functions}},
  titleaddon = {Python documentation},
  url = {https://docs.python.org/3.12/library/math.html},
  urldate = {2025-02-01},
  version = {3.13.1}
}

@online{PythonDocs:3.13:typing,
  author = {{Python Software Foundation}},
  date = {2025-01-31},
  language = {english},
  title = {{typing â€” Support for type hints}},
  titleaddon = {Python documentation},
  url = {https://docs.python.org/3.13/library/typing.html},
  urldate = {2025-02-01},
  version = {3.13.1}
}

@online{PythonDocs:3:grammar,
  author = {{Python Software Foundation}},
  date = {2025-09-12},
  language = {english},
  title = {{10. Full Grammar specification}},
  titleaddon = {Python documentation},
  url = {https://docs.python.org/3/reference/grammar.html},
  urldate = {2025-09-12},
  version = {3.13.1}
}

@online{TypeScriptDocs:5.7:handbook,
  author = {{TypeScript contributors}},
  date = {2025-01-31},
  language = {english},
  title = {The TypeScript Handbook},
  titleaddon = {TypeScript documentation},
  url = {https://www.typescriptlang.org/docs/handbook/intro.html},
  urldate = {2025-02-01},
  version = {5.7.3}
}
