@online{MathSE:countable_group_uncountably_many_distinct_subgroup,
  author = {Paweł Piwek},
  date = {2012-12-12},
  language = {english},
  title = {countable group, uncountably many distinct subgroup?},
  titleaddon = {Mathematics Stack Exchange},
  url = {https://math.stackexchange.com/a/3288039/229174},
  urldate = {2023-04-02}
}

@online{MathSE:eigenvectors_are_linearly_independent,
  author = {{User ``Corey L.''}},
  date = {2011-03-27},
  language = {english},
  title = {How to prove that eigenvectors from different eigenvalues are linearly independent},
  titleaddon = {Mathematics Stack Exchange},
  url = {https://math.stackexchange.com/a/29374/229174},
  urldate = {2025-02-23}
}

@online{MathSE:finite_subgroup_of_multiplicative_field_group,
  author = {Andrea Petracci},
  date = {2011-08-26},
  language = {english},
  title = {Finite subgroups of the multiplicative group of a field are cyclic},
  titleaddon = {Mathematics Stack Exchange},
  url = {https://math.stackexchange.com/a/59911/229174},
  urldate = {2024-11-10}
}

@online{MathSE:geometric_multiplicity_is_bounded_by_algebraic,
  author = {Alex Becker},
  date = {2013-08-02},
  language = {english},
  title = {why geometric multiplicity is bounded by algebraic multiplicity?},
  titleaddon = {Mathematics Stack Exchange},
  url = {https://math.stackexchange.com/a/458200/229174},
  urldate = {2022-05-24}
}

@online{MathSE:image_of_functor_is_not_a_category,
  author = {Ittay Weiss},
  date = {2013-06-06},
  language = {english},
  title = {Can it happen that the image of a functor is not a category?},
  titleaddon = {Mathematics Stack Exchange},
  url = {https://math.stackexchange.com/a/413144/229174},
  urldate = {2021-11-24}
}

@online{MathSE:left_adjoint_uniqueness,
  author = {Clive Newstead},
  date = {2011-12-12},
  language = {english},
  title = {Uniqueness of Left Adjoint},
  titleaddon = {Mathematics Stack Exchange},
  url = {https://math.stackexchange.com/a/2510054},
  urldate = {2021-12-05}
}

@online{MathSE:non_prime_maximal_ideal,
  author = {{User ``Eran''}},
  date = {2014-01-14},
  language = {english},
  title = {non-prime maximal ideal in a complemented lattice},
  titleaddon = {Mathematics Stack Exchange},
  url = {https://math.stackexchange.com/a/641009/229174},
  urldate = {2024-01-03}
}

@online{MathSE:non_unique_minimal_polynomial,
  author = {Georges Elencwajg},
  date = {2018-03-03},
  language = {english},
  title = {Non-uniqueness of minimal polynomial for integral extensions},
  titleaddon = {Mathematics Stack Exchange},
  url = {https://math.stackexchange.com/a/2675463/229174},
  urldate = {2023-12-08}
}

@online{MathSE:order_type_existence,
  author = {Clive Newstead},
  date = {2018-07-10},
  language = {english},
  title = {isomorphism from well ordered set to ordinal},
  titleaddon = {Mathematics Stack Exchange},
  url = {https://math.stackexchange.com/a/2846888/229174},
  urldate = {2021-10-14}
}

@online{MathSE:origin_of_colon_notation_for_type_assertions,
  author = {Ianis Vasilev},
  date = {2025-01-20},
  language = {english},
  title = {Origin of colon notation for type assertions},
  titleaddon = {Mathematics Stack Exchange},
  url = {https://math.stackexchange.com/q/5025518/229174},
  urldate = {2023-04-02}
}

@online{MathSE:point_lattice_basis_existence,
  author = {Elle Najt},
  date = {2017-05-25},
  language = {english},
  title = {Equivalent definitions of a lattice in a real vector space of finite dimension},
  titleaddon = {Mathematics Stack Exchange},
  url = {https://math.stackexchange.com/a/2296913/229174},
  urldate = {2024-11-24}
}

@online{MathSE:polynomials_without_gcd,
  author = {{User ``user425181''}},
  date = {2017-08-13},
  language = {english},
  subtitle = {Show that the gcd of $x^5$ and $x^6$ does not exist},
  title = {Let $R = Q[x^2,x^3]$, the set of all polynomials over $Q$ with no $x$ term},
  titleaddon = {Mathematics Stack Exchange},
  url = {https://math.stackexchange.com/q/2392552},
  urldate = {2023-10-08}
}

@online{MathSE:power_of_coprime_numbers,
  author = {Steven Alexis Gregory},
  date = {2019-04-07},
  language = {english},
  title = {Power of coprime numbers},
  titleaddon = {Mathematics Stack Exchange},
  url = {https://math.stackexchange.com/a/3178304/229174},
  urldate = {2024-10-15}
}

@online{MathSE:real_number_two_decimal_expansions,
  author = {{User ``Cardinality''}},
  date = {2022-06-20},
  language = {english},
  title = {Proving that a real number has at most two decimal expansions},
  titleaddon = {Mathematics Stack Exchange},
  url = {https://math.stackexchange.com/q/4476842/229174},
  urldate = {2024-08-17}
}

@online{MathSE:roots_of_an_irreducible_polynomial_in_a_finite_field,
  author = {Dilip Sarwate},
  date = {2012-07-03},
  language = {english},
  title = {Roots of an irreducible polynomial in a finite field},
  titleaddon = {Mathematics Stack Exchange},
  url = {https://math.stackexchange.com/a/166336/229174},
  urldate = {2024-11-30}
}

@online{MathSE:semigroup_cancellation_not_preserved,
  author = {Jean-Éric Pin},
  date = {2014-01-05},
  language = {english},
  title = {Class of algebras defined by quasi-identities is not closed under taking the quotients},
  titleaddon = {Mathematics Stack Exchange},
  url = {https://math.stackexchange.com/a/627919},
  urldate = {2021-07-15}
}

@online{MathSE:sum_of_angles,
  author = {{User ``MattG88''}},
  date = {2016-11-23},
  language = {english},
  title = {Prove that the angle between two vectors is equal to the sum of its composing angles},
  titleaddon = {Mathematics Stack Exchange},
  url = {https://math.stackexchange.com/a/2026672/229174},
  urldate = {2022-07-25}
}

@online{MathSE:transitive_set_of_transitive_sets,
  author = {Brian M. Scott},
  date = {2014-08-12},
  language = {english},
  title = {Showing that a Transitive Set of Transitive Sets is an Ordinal},
  titleaddon = {Mathematics Stack Exchange},
  url = {https://math.stackexchange.com/a/1057102/229174},
  urldate = {2021-10-11}
}

@online{MathSE:union_of_set_of_ordinals,
  author = {Asaf Karagila},
  date = {2012-02-12},
  language = {english},
  title = {Union of ordinals},
  titleaddon = {Mathematics Stack Exchange},
  url = {https://math.stackexchange.com/a/135331/229174},
  urldate = {2021-10-14}
}

@online{MathSE:unique_maximal_element_that_is_not_greatest,
  author = {Asaf Karagila},
  date = {2011-06-11},
  language = {english},
  title = {difference between maximal element and greatest element},
  titleaddon = {Mathematics Stack Exchange},
  url = {https://math.stackexchange.com/a/44778},
  urldate = {2021-07-19}
}
