@online{MathCounterExamples:noncomplete_normed_space,
  author = {Merx, Jean-Pierre},
  date = {2017-03-12},
  language = {english},
  title = {A non complete normed vector space},
  url = {https://www.mathcounterexamples.net/non-complete-normed-vector-space/},
  urldate = {2021-02-04}
}
