@online{MathOF:free_digraph,
  author = {Reid Barton},
  date = {2009-10-21},
  language = {english},
  title = {Is there a free digraph associated to a graph?},
  titleaddon = {MathOverflow},
  url = {https://mathoverflow.net/a/1703}
}

@online{MathOF:functions_over_finite_fields,
  author = {Unknown},
  date = {2016-02-19},
  language = {english},
  title = {Functions of several variables over finite fields},
  titleaddon = {MathOverflow},
  url = {https://mathoverflow.net/a/231571}
}

@online{MathOF:univariate_polynomials_algebraically_dependent,
  author = {Michael Stoll},
  date = {2014-11-12},
  language = {english},
  title = {How to prove that two univariate polynomials are always algebraically dependent?},
  titleaddon = {MathOverflow},
  url = {https://mathoverflow.net/a/189191}
}

@online{MathOF:what_does_the_sigma_in_sigma_algebra_stand_for,
  author = {Georges Elencwajg},
  date = {2011-09-29},
  language = {english},
  title = {What does the $\sigma$ in $\sigma$-algebra stand for?},
  titleaddon = {MathOverflow},
  url = {https://mathoverflow.net/a/74013}
}
