@misc{BosmaCannonMatthews1994MagmaLanguage,
  author = {Wieb Bosma and John Cannon and Graham Matthews},
  date = {1994},
  doi = {10.1145/190347.190362},
  language = {english},
  pages = {52-57},
  publisher = {ACM Press},
  subtitle = {Design of the Magma Language},
  title = {Programming with Algebraic Structures}
}

@article{Cohen1981Endianness,
  author = {Danny Cohen},
  date = {1981-10},
  doi = {10.1109/C-M.1981.220208},
  issn = {0018-9162},
  journal = {Computer},
  language = {english},
  pages = {48-54},
  publisher = {Institute of Electrical and Electronics Engineers (IEEE)},
  title = {On Holy Wars and a Plea for Peace},
  volume = {14}
}

@article{Gardner1970GameOfLife,
  author = {Martin Gardner},
  date = {1970-10},
  doi = {10.1038/scientificamerican1070-120},
  issn = {0036-8733},
  journal = {Scientific American},
  language = {english},
  pages = {120-123},
  publisher = {Springer Science and Business Media LLC},
  title = {Mathematical Games: The fantastic combinations of John Conway's new solitaire game "life"},
  volume = {223}
}

@article{Gleason1938FreshmansDream,
  author = {Harold Willard Gleason},
  date = {1938-10},
  issue = {1},
  journal = {National Mathematics Magazine},
  language = {english},
  pages = {50},
  publisher = {Mathematical Association of America},
  subtitle = {The Freshman's Dream},
  title = {"Dark and Bloody Ground---"},
  volume = {13}
}
