@online{code,
  author = {Ianis Vasilev},
  date = {2022-08-30},
  language = {english},
  revision = {1},
  title = {Supplementary code for the Notebook monograph},
  url = {https://github.com/v--/notebook/tree/master/code}
}

@online{math3ma:natural_transformations,
  author = {Tai-Danae Bradley},
  date = {2017-02-07},
  language = {english},
  title = {What is a Natural Transformation? Definition and Examples},
  url = {https://www.math3ma.com/blog/what-is-a-natural-transformation},
  urldate = {2021-12-02}
}
