@online{ConwayLife:home,
  author = {{ConwayLife community}},
  date = {2024-10-25},
  language = {english},
  title = {LifeWiki},
  url = {https://conwaylife.com/},
  urldate = {2025-04-01}
}

@online{ConwayLife:r_pentomino,
  author = {{ConwayLife community}},
  date = {2024-08-24},
  language = {english},
  title = {R-pentomino - LifeWiki},
  url = {https://conwaylife.com/wiki/R-pentomino},
  urldate = {2025-04-01}
}

@online{MathCounterExamples:infinitely_many_roots,
  author = {Jean-Pierre Merx},
  date = {2015-02-08},
  language = {english},
  title = {On polynomials having more roots than their degree},
  url = {https://www.mathcounterexamples.net/on-polynomials-having-more-roots-than-their-degree/},
  urldate = {2025-03-03}
}

@online{MathCounterExamples:noncomplete_normed_space,
  author = {Jean-Pierre Merx},
  date = {2017-03-12},
  language = {english},
  title = {A non complete normed vector space},
  url = {https://www.mathcounterexamples.net/non-complete-normed-vector-space/},
  urldate = {2021-02-04}
}

@online{Miller2019EarliestUsesOfLogicSymbols,
  author = {Jeff Miller},
  date = {2019-10-08},
  language = {english},
  title = {Earliest Uses of Symbols of Set Theory and Logic},
  url = {https://jeff560.tripod.com/set.html},
  urldate = {2025-03-27}
}

@online{ProofWiki:compact_convergence,
  author = {{ProofWiki authors}},
  date = {2017-09-09},
  language = {english},
  title = {Compact Convergence},
  titleaddon = {ProofWiki},
  url = {https://proofwiki.org/w/index.php?title=Definition:Compact_Convergence&oldid=316693},
  urldate = {2021-02-03}
}

@online{ProofWiki:locally_uniform_convergence,
  author = {{ProofWiki authors}},
  date = {2017-10-20},
  language = {english},
  title = {Locally Uniform Convergence},
  titleaddon = {ProofWiki},
  url = {https://proofwiki.org/w/index.php?title=Definition:Locally_Uniform_Convergence&oldid=321666},
  urldate = {2021-02-03}
}

@online{math3ma:natural_transformations,
  author = {Tai-Danae Bradley},
  date = {2017-02-07},
  language = {english},
  title = {What is a Natural Transformation? Definition and Examples},
  url = {https://www.math3ma.com/blog/what-is-a-natural-transformation},
  urldate = {2021-12-02}
}

@online{nLab:top,
  author = {{nLab authors}},
  date = {2020-06-06},
  language = {english},
  title = {Top},
  titleaddon = {nLab},
  url = {https://ncatlab.org/nlab/revision/Top/42},
  urldate = {2020-09-04}
}

@misc{notebook:code,
  author = {Ianis Vasilev},
  date = {2025},
  language = {english},
  title = {Supplementary code for the Notebook monograph},
  url = {https://github.com/v--/notebook/tree/master/code}
}
