@online{nLab:top,
  author = {{nLab authors}},
  date = {2020-06-06},
  language = {english},
  title = {Top},
  url = {https://ncatlab.org/nlab/revision/Top/42}
}
