@misc{Akula2022DecimalExpansion,
  author = {Neelam Akula},
  date = {2022-11-22},
  language = {english},
  title = {On Decimal Expansions of Rational Numbers},
  url = {https://personal.utdallas.edu/~neelam.akula/notes/decimal-expansions.pdf}
}

@misc{Conrad2020Complexification,
  author = {Keith Conrad},
  date = {2020},
  language = {english},
  title = {Complexification},
  url = {https://www.math.uconn.edu/~kconrad/blurbs/linmultialg/complexification.pdf}
}
