@online{CGSE:game_of_life_digital_clock,
  addendum = {Citation of answer},
  author = {{User ``dim''}},
  date = {2017-03-02},
  language = {english},
  title = {Build a digital clock in Conway's Game of Life},
  titleaddon = {Code Gold Stack Exchange},
  url = {https://codegolf.stackexchange.com/a/111932},
  urldate = {2025-04-01}
}

@online{HSMSE:logistic_growth_etymology,
  addendum = {Citation of question},
  author = {Rax Adaam},
  date = {2018-10-29},
  language = {english},
  title = {source of "logistic growth"?},
  titleaddon = {History of Science and Mathematics Stack Exchange},
  url = {https://hsm.stackexchange.com/q/5499},
  urldate = {2025-04-16}
}

@online{HSMSE:radical_symbol_history,
  addendum = {Citation of answer},
  author = {{User ``Conifold''}},
  date = {2015-05-04},
  language = {english},
  title = {Why is the radical symbol $\surd$ called "radical"?},
  titleaddon = {History of Science and Mathematics Stack Exchange},
  url = {https://hsm.stackexchange.com/a/2265},
  urldate = {2024-11-10}
}

@online{SESE:little_endianness,
  addendum = {Citation of question},
  author = {{User ``Cracker''}},
  date = {2011-07-04},
  language = {english},
  title = {What is the advantage of little endian format?},
  titleaddon = {Software Engineering Stack Exchange},
  url = {https://softwareengineering.stackexchange.com/q/95556/108356},
  urldate = {2024-12-15}
}

@online{SO:bit_shift_endianness,
  addendum = {Citation of answer},
  author = {{User ``Carl''}},
  date = {2011-08-25},
  language = {english},
  title = {Does bit-shift depend on endianness?},
  titleaddon = {StackOverflow},
  url = {https://stackoverflow.com/a/7184905/2756776},
  urldate = {2025-04-03}
}
