@article{Anderson1988,
  author = {Anderson, Donald D.},
  date = {1988-01},
  doi = {10.1080/00927878808823628},
  journal = {Communications in Algebra},
  language = {english},
  number = {6},
  pages = {1221-1229},
  primaryclass = {Algebra and Number Theory},
  publisher = {Informa UK Limited},
  title = {An Existence Theorem for Non-Euclidean PID's},
  url = {http://dx.doi.org/10.1080/00927878808823628},
  volume = {16}
}

@article{DorflerWaller1980,
  author = {Dörfler, W. and Waller, D. A.},
  date = {1980-12},
  doi = {10.1007/bf01224952},
  language = {english},
  publisher = {Springer Science and Business Media LLC},
  title = {A Category-Theoretical Approach to Hypergraphs},
  url = {http://dx.doi.org/10.1007/bf01224952}
}

@article{AppelHaken1977Part1,
  author = {Appel, Kenneth and Haken, Wolfgang},
  date = {1977-09-01},
  doi = {10.1215/ijm/1256049011},
  language = {english},
  publisher = {Duke University Press},
  subtitle = {Part I: Discharging},
  title = {Every Planar Map Is Four Colorable},
  url = {http://dx.doi.org/10.1215/ijm/1256049011}
}

@article{AppelHaken1977Part2,
  author = {Appel, Kenneth and Haken, Wolfgang and Koch, John},
  date = {1977-09-01},
  doi = {10.1215/ijm/1256049012},
  language = {english},
  publisher = {Duke University Press},
  subtitle = {Part II: Reducibility},
  title = {Every Planar Map Is Four Colorable},
  url = {http://dx.doi.org/10.1215/ijm/1256049012}
}

@article{Barwise1974,
  author = {Barwise, Kenneth Jon},
  date = {1974-12},
  doi = {10.1016/0003-4843(74)90016-3},
  language = {english},
  primaryclass = {Logic},
  publisher = {Elsevier BV},
  title = {Axioms for Abstract Model Theory},
  url = {http://dx.doi.org/10.1016/0003-4843(74)90016-3}
}

@article{Blass1984,
  author = {Blass, Andreas},
  date = {1984},
  journal = {Contemporary Mathematics},
  language = {english},
  publisher = {American Mathematical Society (AMS)},
  title = {Existence of Bases Implies the Axiom of Choice},
  url = {http://www.math.lsa.umich.edu/ ablass/bases-AC.pdf},
  volume = {31}
}

@article{Blizard1988,
  author = {Blizard, Wayne D.},
  date = {1988-12-01},
  doi = {10.1305/ndjfl/1093634995},
  language = {english},
  publisher = {Duke University Press},
  title = {Multiset Theory},
  url = {http://dx.doi.org/10.1305/ndjfl/1093634995}
}

@article{BouziadTroallic2004,
  author = {Bouziad, Ahmed and Troallic, Jean-Pierre},
  date = {2004-10},
  doi = {10.1016/j.topol.2004.05.005},
  journal = {Topology and its Applications},
  language = {english},
  number = {1-3},
  pages = {95-107},
  primaryclass = {Geometry and Topology},
  publisher = {Elsevier BV},
  title = {Functional Equicontinuity and Uniformities in Topological Groups},
  url = {http://dx.doi.org/10.1016/j.topol.2004.05.005},
  volume = {144}
}

@article{Butler2014,
  archiveprefix = {arXiv},
  author = {Butler, Steve and Erickson, Craig and Hogben, Leslie and Hogenson, Kirsten and Kramer, Lucas and Kramer, Richard L. and Lin, Jephian Chin-Hung and Martin, Ryan R. and Stolee, Derrick and Warnberg, Nathan and Young, Michael},
  date = {2014-04},
  eprint = {1404.7232v2},
  language = {english},
  primaryclass = {math.CO},
  title = {Rainbow Arithmetic Progressions},
  url = {http://arxiv.org/abs/1404.7232v2}
}

@article{Chomsky1959,
  author = {Chomsky, Noam},
  date = {1959-06},
  doi = {10.1016/S0019-9958(59)90362-6},
  language = {english},
  primaryclass = {General Engineering},
  publisher = {Elsevier BV},
  title = {On Certain Formal Properties of Grammars},
  url = {http://dx.doi.org/10.1016/S0019-9958(59)90362-6}
}

@article{Church1932,
  author = {Church, Alonzo},
  date = {1932-04},
  doi = {10.2307/1968337},
  language = {english},
  primaryclass = {Mathematics (miscellaneous)},
  publisher = {JSTOR},
  title = {A Set of Postulates for the Foundation of Logic},
  url = {http://dx.doi.org/10.2307/1968337}
}

@article{Church1940,
  author = {Church, Alonzo},
  date = {1940-06},
  doi = {10.2307/2266170},
  language = {english},
  primaryclass = {Logic},
  publisher = {Cambridge University Press (CUP)},
  title = {A Formulation of the Simple Theory of Types},
  url = {http://dx.doi.org/10.2307/2266170}
}

@article{CoquandLombardi2005,
  author = {Coquand, Thierry and Lombardi, Henri},
  date = {2005-11-01},
  doi = {https://doi.org/10.2307/30037606},
  language = {english},
  primaryclass = {General Mathematics},
  publisher = {JSTOR},
  title = {A Short Proof for the Krull Dimension of a Polynomial Ring},
  url = {http://dx.doi.org/10.2307/30037606}
}

@article{Diaconescu1975,
  author = {Diaconescu, Radu},
  date = {1975-01-01},
  doi = {10.1090/S0002-9939-1975-0373893-X},
  journal = {Proceedings of the American Mathematical Society},
  language = {english},
  number = {1},
  pages = {176-176},
  publisher = {American Mathematical Society (AMS)},
  title = {Axiom of Choice and Complementation},
  url = {http://dx.doi.org/10.1090/S0002-9939-1975-0373893-X},
  volume = {51}
}

@article{DienerMcKubreJordens2016,
  archiveprefix = {arXiv},
  author = {Diener, Hannes and McKubre-Jordens, Maarten},
  date = {2016-06},
  eprint = {1606.08092v1},
  language = {english},
  primaryclass = {math.LO},
  title = {Classifying Material Implications Over Minimal Logic},
  url = {http://arxiv.org/abs/1606.08092v1}
}

@article{Echenique2005,
  author = {Echenique, Federico},
  date = {2005-06},
  doi = {10.1007/s001820400192},
  language = {english},
  primaryclass = {Mathematics (miscellaneous)},
  publisher = {Springer Science and Business Media LLC},
  title = {A Short and Constructive Proof of Tarski’s Fixed-Point Theorem},
  url = {http://dx.doi.org/10.1007/s001820400192}
}

@phdthesis{Economopoulos2006,
  author = {Economopoulos, Giorgios Robert},
  date = {2006},
  language = {english},
  title = {Generalised LR Parsing Algorithms},
  url = {https://ir.cwi.nl/pub/14233/14233B.pdf}
}

@article{EdelmanStrang2004,
  author = {Edelman, Alan and Strang, Gilbert},
  date = {2004-03},
  doi = {10.2307/4145127},
  language = {english},
  publisher = {Informa UK Limited},
  title = {Pascal Matrices},
  url = {http://dx.doi.org/10.1080/00029890.2004.11920065}
}

@article{EilenbergMacLane1945,
  author = {Eilenberg, Samuel and MacLane, Saunders},
  date = {1945},
  issn = {0002-9947},
  journal = {Transactions of the American Mathematical Society},
  language = {english},
  number = {2},
  pages = {231--294},
  publisher = {American Mathematical Society},
  title = {General Theory of Natural Equivalences},
  url = {http://www.jstor.org/stable/1990284},
  volume = {58}
}

@article{Euler1741,
  author = {Euler, Leonhard},
  date = {1741},
  journal = {Commentarii Academiae Scientiarum Imperialis Petropolitanae},
  language = {latin},
  pages = {128--140},
  title = {Solutio Problematis Ad Geometriam Situs Pertinentis},
  url = {https://la.wikisource.org/wiki/Solutio_problematis_ad_geometriam_situs_pertinentis},
  volume = {8}
}

@article{GoguenBurstall1992,
  author = {Goguen, Joseph A. and Burstall, Rod M.},
  date = {1992-01-02},
  doi = {10.1145/147508.147524},
  language = {english},
  publisher = {Association for Computing Machinery},
  subtitle = {Abstract Model Theory for Specification and Programming},
  title = {Institutions},
  url = {http://dx.doi.org/10.1145/147508.147524}
}

@article{GoodmanMyhill1978,
  author = {Goodman, N. and Myhill, John},
  date = {1978-01},
  doi = {10.1002/malq.19780242514},
  language = {english},
  primaryclass = {Logic},
  publisher = {Wiley},
  title = {Choice Implies Excluded Middle},
  url = {http://dx.doi.org/10.1002/malq.19780242514}
}

@article{Gordon1991,
  author = {Gordon, Russell},
  date = {1991-09-01},
  doi = {10.1216/rmjm/1181072923},
  journal = {Rocky Mountain Journal of Mathematics},
  language = {english},
  number = {3},
  primaryclass = {General Mathematics},
  publisher = {Rocky Mountain Mathematics Consortium},
  title = {Survey Article Riemann Integration in Banach Spaces},
  url = {http://dx.doi.org/10.1216/rmjm/1181072923},
  volume = {21}
}

@article{Gottschalk1953,
  author = {Gottschalk, Walter H.},
  date = {1953-09},
  doi = {10.2307/2267401},
  language = {english},
  primaryclass = {Logic},
  publisher = {Cambridge University Press (CUP)},
  title = {The Theory of Quaternialty},
  url = {http://dx.doi.org/10.2307/2267401}
}

@article{Hickman1980,
  author = {Hickman, J. L.},
  date = {1980-10},
  doi = {10.1017/S000497270000650X},
  language = {english},
  publisher = {Cambridge University Press (CUP)},
  title = {A Note on the Concept of Multiset},
  url = {http://dx.doi.org/10.1017/S000497270000650X}
}

@article{Hodges1979,
  author = {Hodges, Wilfrid},
  date = {1979-04},
  doi = {10.1112/jlms/s2-19.2.285},
  journal = {Journal of the London Mathematical Society},
  language = {english},
  number = {2},
  pages = {285-287},
  primaryclass = {General Mathematics},
  publisher = {Wiley},
  title = {Krull Implies Zorn},
  url = {http://dx.doi.org/10.1112/jlms/s2-19.2.285},
  volume = {s2-19}
}

@article{Hoffman2002,
  archiveprefix = {arXiv},
  author = {Hoffman, Michael E.},
  date = {2002-01},
  doi = {10.1090/S0002-9947-03-03317-8},
  eprint = {math/0201253v3},
  language = {english},
  note = {Trans. AMS 355 (2003), 3795-3811},
  primaryclass = {math.CO},
  title = {Combinatorics of Rooted Trees and Hopf Algebras},
  url = {http://arxiv.org/abs/math/0201253v3}
}

@article{Holtkamp2011,
  author = {Holtkamp, Ralf},
  date = {2011},
  doi = {10.1090/conm/539/10633},
  language = {english},
  publisher = {American Mathematical Society},
  title = {Rooted Trees Appearing in Products and Co-Products},
  url = {http://dx.doi.org/10.1090/conm/539/10633}
}

@article{JedrzejewiczMatysiakZielinski2017,
  author = {Jędrzejewicz, Piotr and Matysiak, Łukasz and Zieliński, Janusz},
  date = {2017},
  doi = {10.18778/8088-922-4.13},
  language = {english},
  publisher = {Łódź University Press},
  title = {A Note on Square-Free Factorizations},
  url = {http://dx.doi.org/10.18778/8088-922-4.13}
}

@article{Jelonek1991,
  author = {Jelonek, Zbigniew},
  date = {1991},
  language = {english},
  title = {A Simple Proof of the Existence of the Algebraic Closure of a Field},
  url = {http://www2.im.uj.edu.pl/actamath/PDF/30-131-132.pdf}
}

@article{Johnstone1983,
  author = {Johnstone, Peter T.},
  date = {1983},
  doi = {bams/1183550014},
  journal = {Bulletin (New Series) of the American Mathematical Society},
  language = {english},
  number = {1},
  pages = {41 -- 53},
  publisher = {American Mathematical Society},
  title = {The Point of Pointless Topology},
  url = {https://projecteuclid.org/journals/bulletin-of-the-american-mathematical-society-new-series/volume-8/issue-1/The-point-of-pointless-topology/bams/1183550014.full},
  volume = {8}
}

@article{Khurana2003,
  author = {Khurana, Dinesh},
  date = {2003-06},
  doi = {10.1007/BF02837870},
  language = {english},
  primaryclass = {Education},
  publisher = {Springer Science and Business Media LLC},
  title = {On GCD and LCM in Domains — A Conjecture of Gauss},
  url = {http://dx.doi.org/10.1007/BF02837870}
}

@article{Kruse1966,
  author = {Kruse, Arthur H.},
  date = {1966},
  journal = {Compositio Mathematica},
  language = {english},
  mrnumber = {180481},
  pages = {96--101},
  publisher = {Kraus Reprint},
  title = {Grothendieck Universes and the Super-Complete Models of Shepherdson},
  url = {http://www.numdam.org/item/CM_1965-1966__17__96_0/},
  volume = {17},
  zbl = {0129.00505}
}

@misc{LimaFilho1993,
  author = {Lima-Filho, Paulo},
  date = {1993},
  doi = {10.1090/S0002-9947-1993-1134758-4},
  language = {english},
  primaryclass = {General Mathematics},
  publisher = {American Mathematical Society (AMS)},
  title = {Completions and Fibrations for Topological Monoids},
  url = {http://dx.doi.org/10.1090/S0002-9947-1993-1134758-4}
}

@article{Marichal2007,
  archiveprefix = {arXiv},
  author = {Marichal, Jean-Luc},
  date = {2007-06},
  eprint = {0706.0570v2},
  language = {english},
  note = {Discrete Mathematics 309 (4) (2009) 814-820},
  primaryclass = {math.RA},
  title = {Weighted Lattice Polynomials},
  url = {http://arxiv.org/abs/0706.0570v2}
}

@article{MartinLof1996Meanings,
  author = {Martin-Löf, Per},
  date = {1996},
  journal = {Nordic journal of philosophical logic},
  language = {english},
  note = {Transcribed from lectures given in 1983},
  number = {1},
  pages = {11--60},
  title = {On the Meanings of the Logical Constants and the Justifications of the Logical Laws},
  url = {https://github.com/michaelt/martin-lof/},
  volume = {1}
}

@article{McCarthyHayes1973,
  author = {McCarthy, Donald J and Hayes, David L},
  date = {1973-03},
  doi = {10.1016/0097-3165(73)90019-8},
  language = {english},
  primaryclass = {Discrete Mathematics and Combinatorics},
  publisher = {Elsevier BV},
  title = {Subgroups of the Power Semigroup of a Group},
  url = {http://dx.doi.org/10.1016/0097-3165(73)90019-8}
}

@article{Meseguer1989,
  author = {Meseguer, José},
  date = {1989},
  doi = {10.1016/s0049-237x(08)70132-0},
  language = {english},
  publisher = {Elsevier},
  title = {General Logics},
  url = {http://dx.doi.org/10.1016/s0049-237x(08)70132-0}
}

@article{Peano1889,
  author = {Peano, Giuseppe},
  date = {1889},
  language = {italian},
  publisher = {Fratres Bocca},
  subtitle = {Nova Methodo},
  title = {Arithmetices Principia},
  url = {https://archive.org/details/arithmeticespri00peangoog/}
}

@incollection{Pin1994,
  author = {Pin, Jean-Eric},
  date = {1998},
  editor = {Jeremy Gunawardena},
  hal_id = {hal-00113779},
  hal_version = {v1},
  language = {english},
  pages = {50-69},
  publisher = {Cambridge University Press},
  series = {Publ. Newton Inst. 11},
  title = {Tropical Semirings},
  url = {https://hal.science/hal-00113779/file/Tropical.pdf}
}

@article{Quine1956,
  author = {Quine, Willard},
  date = {1956-09},
  doi = {10.2307/2269102},
  language = {english},
  primaryclass = {Logic},
  publisher = {Cambridge University Press (CUP)},
  title = {Unification of Universes in Set Theory},
  url = {http://dx.doi.org/10.2307/2269102}
}

@article{Radziszowski2021,
  author = {Radziszowski, Stanisław},
  date = {2021},
  edition = {16},
  journal = {The Electronic Journal of Combinatorics},
  language = {english},
  title = {Small Ramsey Numbers},
  url = {https://www.combinatorics.org/files/Surveys/ds1/ds1v16-2021.pdf},
  volume = {DS01}
}

@article{Ramsey1930,
  author = {Ramsey, Frank Plumpton},
  date = {1930},
  doi = {10.1112/plms/s2-30.1.264},
  language = {english},
  publisher = {Wiley},
  title = {On a Problem of Formal Logic},
  url = {http://dx.doi.org/10.1112/plms/s2-30.1.264}
}

@article{Szabo1964Gentzen,
  author = {Gentzen, Gerhard},
  date = {1964},
  issn = {0003-0481},
  journal = {American Philosophical Quarterly},
  language = {english},
  number = {4},
  pages = {288--306},
  publisher = {North American Philosophical Publications, University of Illinois Press},
  title = {Investigations Into Logical Deduction},
  translator = {M. E. Szabo},
  url = {http://www.jstor.org/stable/20009142},
  urldate = {2024-02-26},
  volume = {1}
}

@article{Tarski1955,
  author = {Tarski, Alfred},
  date = {1955},
  doi = {pjm/1103044538},
  journal = {Pacific Journal of Mathematics},
  language = {english},
  number = {2},
  pages = {285 -- 309},
  publisher = {Pacific Journal of Mathematics, A Non-profit Corporation},
  title = {A Lattice-Theoretical Fixpoint Theorem and Its Applications},
  url = {https://www.projecteuclid.org/journals/pacific-journal-of-mathematics/volume-5/issue-2/A-lattice-theoretical-fixpoint-theorem-and-its-applications/pjm/1103044538.full},
  volume = {5}
}

@article{Tarski1959,
  author = {Tarski, Alfred},
  booktitle = {The Axiomatic Method},
  date = {1959},
  doi = {https://doi.org/10.1016/S0049-237X(09)70017-5},
  editor = {Leon Henkin and Patrick Suppes and Alfred Tarski},
  issn = {0049-237X},
  language = {english},
  pages = {16-29},
  publisher = {Elsevier},
  series = {Studies in Logic and the Foundations of Mathematics},
  title = {What Is Elementary Geometry?},
  url = {http://www.geographicknowledge.de/SeminarLFG/Tarski_Whatiselementarygeometry.pdf},
  volume = {27}
}

@misc{Unger1968,
  author = {Unger, Stephen H.},
  date = {1968-04},
  doi = {10.1145/362991.363001},
  language = {english},
  primaryclass = {General Computer Science},
  publisher = {Association for Computing Machinery (ACM)},
  title = {A Global Parser for Context-Free Phrase Structure Grammars},
  url = {http://dx.doi.org/10.1145/362991.363001}
}

@article{WagnerFischer1974,
  author = {Wagner, Robert A. and Fischer, Michael J.},
  date = {1974-01},
  doi = {10.1145/321796.321811},
  language = {english},
  primaryclass = {Information Systems},
  publisher = {Association for Computing Machinery (ACM)},
  title = {The String-to-String Correction Problem},
  url = {http://dx.doi.org/10.1145/321796.321811}
}

@article{Watkins1969,
  author = {Watkins, Mark E.},
  date = {1969-03},
  doi = {10.1016/S0021-9800(69)80116-X},
  language = {english},
  publisher = {Elsevier BV},
  title = {A Theorem on Tait Colorings With an Application to the Generalized Petersen Graphs},
  url = {http://dx.doi.org/10.1016/S0021-9800(69)80116-X}
}

@article{АлександровУрысон1950,
  author = {Александров, Павел Сергеевич and Урысон, Павел Самуилович},
  date = {1950},
  language = {russian},
  pages = {3-95},
  publisher = {Издательство АН СССР},
  shortauthor = {Pаvel Sergeevich Аleksаndrov and Pаvel Sаmuilovich Uryson},
  title = {О компактных топологических пространствах},
  url = {http://mi.mathnet.ru/tm1095},
  volume = {31}
}

@article{Зыков1949,
  author = {Зыков, Александр Александрович},
  date = {1949},
  issue = {2},
  journal = {Математический сборник (новая серия)},
  language = {russian},
  pages = {163--188},
  shortauthor = {Аleksаndr Аleksаndrovich Zykov},
  title = {О некоторых свойствах линейных комплексов},
  url = {https://www.mathnet.ru/rus/sm5974 },
  volume = {22(66)}
}

@article{Левенштейн1965,
  author = {Левенштейн, Владимир},
  date = {1965},
  issue = {4},
  journal = {Доклады АН СССР},
  language = {russian},
  mathnet = {http://mi.mathnet.ru/dan31411},
  mathscinet = {http://mathscinet.ams.org/mathscinet-getitem?mr=0189928},
  pages = {845--848},
  shortauthor = {Vlаdimir Levenshteyn},
  title = {Двоичные коды с исправлением выпадений, вставок и замещений символов},
  volume = {163},
  zmath = {https://zbmath.org/?q=an:0149.15905}
}
