@online{StanfordPlato:category_theory,
  author = {Jean-Pierre Marquis},
  date = {2019-08-29},
  edition = {Fall 2019},
  language = {english},
  title = {Category Theory},
  titleaddon = {Stanford Encyclopedia of Philosophy},
  url = {https://plato.stanford.edu/archives/fall2019/entries/category-theory/},
  urldate = {2021-01-03}
}

@online{StanfordPlato:logic_of_conditionals,
  author = {Paul Égré and Hans Rott},
  date = {2021-07-03},
  edition = {Fall 2021},
  language = {english},
  title = {The Logic of Conditionals},
  titleaddon = {Stanford Encyclopedia of Philosophy},
  url = {https://plato.stanford.edu/archives/fall2021/entries/logic-conditionals/},
  urldate = {2024-03-01}
}

@online{StanfordPlato:paraconsistent_logic,
  author = {Graham Priest and Koji Tanaka and Zach Weber},
  date = {2022-02-21},
  edition = {Spring 2022},
  language = {english},
  title = {Paraconsistent Logic},
  titleaddon = {Stanford Encyclopedia of Philosophy},
  url = {https://plato.stanford.edu/archives/spr2022/entries/logic-paraconsistent/},
  urldate = {2023-11-18}
}

@online{StanfordPlato:recursive_functions,
  author = {Walter Dean},
  date = {2020-04-23},
  edition = {Summer 2020},
  language = {english},
  title = {Recursive Functions},
  titleaddon = {Stanford Encyclopedia of Philosophy},
  url = {https://plato.stanford.edu/archives/sum2020/entries/recursive-functions/},
  urldate = {2022-03-25}
}
