@online{ProofWiki:compact_convergence,
  author = {{ProofWiki authors}},
  date = {2017-09-09},
  language = {english},
  title = {Compact Convergence},
  url = {https://proofwiki.org/w/index.php?title=Definition:Compact_Convergence&oldid=316693}
}

@online{ProofWiki:locally_uniform_convergence,
  author = {{ProofWiki authors}},
  date = {2017-10-20},
  language = {english},
  title = {Locally Uniform Convergence},
  url = {https://proofwiki.org/w/index.php?title=Definition:Locally_Uniform_Convergence&oldid=321666}
}
