@misc{Social:empty_constant_function,
  author = {Niles Johnson},
  date = {2023-05-18},
  howpublished = {Mastodon},
  language = {english},
  title = {Post on Mathstodon},
  url = {https://mathstodon.xyz/@nilesjohnson/110390545623601383}
}
