@misc{ECMA:262,
  author = {{ECMA International}},
  date = {2024},
  language = {english},
  number = {262},
  title = {ECMAScript\textregistered 2025 Language Specification},
  url = {https://tc39.es/ecma262/}
}

@misc{IEEE:754:2019,
  author = {{IEEE}},
  doi = {10.1109/IEEESTD.2019.8766229},
  edition = {2019},
  isbn = {978-1-5044-5924-2},
  language = {english},
  number = {754},
  title = {IEEE Standard for Floating-Point Arithmetic},
  url = {http://dx.doi.org/10.1109/IEEESTD.2019.8766229}
}

@misc{ISO:9899:2018,
  author = {{ISO} and {IEC}},
  date = {2018},
  language = {english},
  number = {9899},
  subtitle = {C},
  title = {Programming Languages},
  url = {https://www.open-std.org/jtc1/sc22/wg14/www/docs/n2310.pdf}
}

@misc{PEP:238,
  author = {Zadka, Moshe and van Rossum, Guido},
  date = {2001},
  language = {english},
  number = {238},
  title = {Changing the Division Operator},
  url = {https://peps.python.org/pep-0238/}
}

@online{py12:math,
  author = {{Python Software Foundation}},
  date = {2024-07-24},
  language = {english},
  subtitle = {{math - Mathematical functions}},
  url = {https://docs.python.org/3.12/library/math.html},
  urldate = {2024-07-25}
}
